<?xml version = "1.0" encoding = "UTF-8"?><OAI-PMH xmlns="http://www.openarchives.org/OAI/2.0/" xmlns:xsi="http://www.w3.org/2001/XMLSchema-instance" xsi:schemaLocation="http://www.openarchives.org/OAI/2.0/ http://www.openarchives.org/OAI/2.0/OAI-PMH.xsd"><ListRecords><record><header><identifier>aleph-publish:037269123</identifier></header><metadata><record xmlns="http://www.ddb.de/professionell/mabxml/mabxml-1.xsd"><leader>------M2.01200024------h</leader><controlfield tag="LDR">------M2.01200024------h</controlfield><controlfield tag="FMT">MH</controlfield><datafield tag="001" ind1="-" ind2="1"><subfield code="a">HT021077354</subfield></datafield><datafield tag="002" ind1="a" ind2="1"><subfield code="a">20210917</subfield></datafield><datafield tag="003" ind1="-" ind2="1"><subfield code="a">20220513</subfield></datafield><datafield tag="026" ind1="-" ind2="1"><subfield code="a">HBZHT021077354</subfield></datafield><controlfield tag="030">a|1ur||||||17</controlfield><datafield tag="036" ind1="a" ind2="1"><subfield code="a">DE</subfield></datafield><datafield tag="037" ind1="b" ind2="1"><subfield code="a">ger</subfield></datafield><controlfield tag="050">||||||||g|||||</controlfield><controlfield tag="051">m|||z|||||||||</controlfield><datafield tag="060" ind1="-" ind2="1"><subfield code="b">txt</subfield><subfield code="a">Text</subfield></datafield><datafield tag="061" ind1="-" ind2="1"><subfield code="b">c</subfield><subfield code="a">Computermedien</subfield></datafield><datafield tag="062" ind1="-" ind2="1"><subfield code="b">cr</subfield><subfield code="a">Online-Ressource</subfield></datafield><datafield tag="070" ind1="-" ind2="1"><subfield code="a">929</subfield></datafield><datafield tag="070" ind1="b" ind2="1"><subfield code="a">929</subfield></datafield><datafield tag="078" ind1="r" ind2="1"><subfield code="a">929: edoweb</subfield></datafield><datafield tag="080" ind1="-" ind2="1"><subfield code="a">60</subfield></datafield><datafield tag="100" ind1="-" ind2="1"><subfield code="p">Wörner, Frank G.</subfield><subfield code="d">1946-</subfield><subfield code="9">(DE-588)1143707427</subfield></datafield><datafield tag="101" ind1="-" ind2="1"><subfield code="p">Wörner, F. G.</subfield><subfield code="d">1946-</subfield></datafield><datafield tag="200" ind1="b" ind2="1"><subfield code="k">Ebertseifen Lebensräume e.V.</subfield><subfield code="h">Katzwinkel (Sieg)</subfield><subfield code="4">isb</subfield><subfield code="3">Herausgebendes Organ</subfield><subfield code="9">(DE-588)16025756-6</subfield></datafield><datafield tag="201" ind1="-" ind2="1"><subfield code="k">Ebertseifen</subfield><subfield code="h">Katzwinkel (Sieg)</subfield></datafield><datafield tag="204" ind1="b" ind2="1"><subfield code="k">Tierpark Niederfischbach e.V.</subfield><subfield code="4">isb</subfield><subfield code="3">Herausgebendes Organ</subfield><subfield code="9">(DE-588)10344938-3</subfield></datafield><datafield tag="205" ind1="-" ind2="1"><subfield code="k">Tierpark</subfield><subfield code="h">Niederfischbach</subfield></datafield><datafield tag="331" ind1="-" ind2="1"><subfield code="a">&lt;&lt;Der&gt;&gt; Schwarzspecht</subfield></datafield><datafield tag="335" ind1="-" ind2="1"><subfield code="a">Notizen zu einem weniger bekannten Waldvogel</subfield></datafield><datafield tag="359" ind1="-" ind2="1"><subfield code="a">Dr. Frank G. Wörner ; Ebertseifen Lebensräume e.V., Tierpark Niederfischbach e.V.</subfield></datafield><datafield tag="419" ind1="-" ind2="1"><subfield code="a">Niederfischbach</subfield><subfield code="b">Lebensräume Ebertseifen e.V. &amp; Tierpark Niederfischbach e.V.</subfield><subfield code="c">August 2021</subfield></datafield><datafield tag="425" ind1="a" ind2="1"><subfield code="a">2021</subfield></datafield><datafield tag="433" ind1="-" ind2="1"><subfield code="a">1 Online-Ressource (35 Seiten)</subfield></datafield><datafield tag="434" ind1="-" ind2="1"><subfield code="a">Illustrationen, Diagramme, Karten</subfield></datafield><datafield tag="443" ind1="-" ind2="1"><subfield code="a">Textdatei</subfield><subfield code="b">PDF</subfield><subfield code="c">1,18 MB</subfield></datafield><datafield tag="552" ind1="b" ind2="1"><subfield code="a">urn:nbn:de:hbz:929:02-edoweb:70429580</subfield></datafield><datafield tag="583" ind1="-" ind2="1"><subfield code="a">Langzeitarchivierung gewährleistet</subfield><subfield code="f">PERP</subfield><subfield code="5">DE-929</subfield></datafield><datafield tag="655" ind1="e" ind2="1"><subfield code="u">https://www.edoweb-rlp.de/resource/edoweb:7042958</subfield><subfield code="x">Archivierte Online-Ressource</subfield><subfield code="A">0</subfield></datafield><datafield tag="655" ind1="e" ind2="1"><subfield code="x">Archivierte Online-Ressource</subfield><subfield code="x">Langzeitarchivierung</subfield><subfield code="z">kostenfrei</subfield><subfield code="3">Volltext</subfield></datafield><datafield tag="700" ind1="l" ind2="1"><subfield code="a">780</subfield></datafield><datafield tag="700" ind1="l" ind2="1"><subfield code="a">130</subfield></datafield><datafield tag="700" ind1="l" ind2="1"><subfield code="a">140</subfield></datafield><datafield tag="700" ind1="l" ind2="1"><subfield code="a">rpb163080</subfield></datafield><datafield tag="700" ind1="l" ind2="1"><subfield code="a">rpb586040</subfield></datafield><datafield tag="700" ind1="l" ind2="1"><subfield code="a">rpbr_99_o13207076_</subfield></datafield><datafield tag="700" ind1="l" ind2="1"><subfield code="a">rpbr_10_</subfield></datafield><datafield tag="700" ind1="b" ind2="1"><subfield code="a">570</subfield></datafield><controlfield tag="SYS">037269123</controlfield><datafield tag="LOW" ind1="-" ind2="1"><subfield code="a">R0001</subfield></datafield><datafield tag="088" ind1=" " ind2=" "><subfield code="a">929</subfield></datafield></record></metadata></record></ListRecords></OAI-PMH>